@Book{Hanacek:JakPublikovatNaPocitaci,
    author = "{Petr Hanáček, Petr Přikryl, Zdena Rábová, Jan Rajlich, Jiři Rybička, Miroslav Slezák, Pavel Zemčík}",
    title = {Jak publikovat na počítači},
    edition = {První},
    year = 1996,
    month = apr,
    address = {Brno, Česká republika},
    isbn = {80-901475-7-7},
    publisher = {Science},
    pages = {13--14},
}


@Book{Zobel:WritingForComputerScience,
    author = {Justin Zobel},
    title = {Writing for computer science},
    edition = {Second},
    year = 2004,
    address = {Melbourne, Australia},
    isbn = {1-85233-802-4},
    publisher = {Springer},
    pages = {59--60},
}

@Article{Wired:Helvetica,
    author = {Arielle Pardes},
    title = {Helvetica, the World's Most Popular Font, Gets a Face-Lift},
	journal = {WIRED},
	volume = 26,
	number = 4,
	year = 2019,
	issn = {1059-1028},
}

@Article{PCWorld:Times,
    author = {Mark Hachman},
    title = {Microsoft is choosing a new default font for 2022, and it wants your help},
	journal = {PCWorld},
	volume = 38,
	year = 2021,
	issn = {0737-8939},
}

@Proceedings{Font:magazine,
    editor = {Ondřej Kafka},
    title = {Font},
    year = {1992-},
    address = {Praha},
    publisher = {KAFKA Design},
    issn = {1211-4049},
}

@Misc{Razdik:Helvetica,
	author = {Tomáš Raždík},
	title = {Helvetica – nejpoužívanější písmo na světě pochází ze Švýcarska},
	howpublished = {[online]},
	year = {27.~dubna~2017},
	note = {[vid. 2022-04-17]},
	url = {www.svycarska-demokracie.cz/2021/03/26/helvetica-nejpouzivanejsi-pismo-na-svete-pochazi-ze-svycarska},
}

@Misc{e15:TimesNewRoman,
	author = {Kristina Blümelová},
	title = {Nejpoužívanější font Times New Roman slaví 80 let},
	howpublished = {[online]},
	year = {3.října 2017},
	note = {[vid.~2022-04-17]},
	url = {www.e15.cz/magazin/nejpouzivanejsi-font-times-new-roman-slavi-80-let-705391},
}

@Misc{Janak:Pismo,
	author = {Robert Janák},
	title = {Základní typografické pojmy: Co byste měli vědět o písmu},
	howpublished = {[online]},
	year = {28.~února~2010},
	note = {[vid.~2022-04-18]},
	url = {www.scribus.cz/zakladni-typograficke-pojmy-co-byste-meli-vedet-o-pismu},
}

@MastersThesis{Vaclavkova:HistorickyVyvojPisma,
    author = {Radka Václavková},
    title = {Historický vývoj psacího písma},
    school = {Jihočeská univerzita v Českých Budějovicích Pedagogická fakulta},
    year = {2009},
}

@MastersThesis{Cvingrafova,
author = {Eliška Cvingráfová},
title = {Počítače v chemii},
school = {Masarykova univerzita Pedagogická fakulta},
type = {Bakalářská práce},
year = {2011},
}